
@InProceedings{	  nichols.raphael:globally,
  author	= {Eric Nichols and C. Raphael },
  booktitle	= {Proceedings of International Symposium on Music
		  Information Retrieval: Music IR 2006},
  title		= {Globally Optimal Audio Partitioning},
  year		= 2006,
  url		= http://ismir2006.ismir.net/papers/ismir06122_paper.pdf,
  file		= {ISMIR06122_Paper.pdf}
}

@InProceedings{	  kranenburg:composer,
  author	= {Peter van Kranenburg },
  booktitle	= {Proceedings of International Symposium on Music
		  Information Retrieval: Music IR 2006},
  title		= {Composer Attribtution by Quantifying Compositional
		  Strategies },
  year		= 2006,
  url		= http://ismir2006.ismir.net/papers/ismir0693_paper.pdf,
  file		= {ISMIR0693_Paper.pdf}
}

@InProceedings{	  peeters:chroma-based,
  author	= {Geoffroy Peeters },
  booktitle	= {Proceedings of International Symposium on Music
		  Information Retrieval: Music IR 2006},
  title		= {Chroma-based Estimation of Musical Key from Audio-Signal
		  Analysis},
  year		= 2006,
  url		= http://ismir2006.ismir.net/papers/ismir06134_paper.pdf,
  file		= {ISMIR06134_Paper.pdf}
}

@InProceedings{	  lee.slaney:automatic,
  author	= {Kyogu Lee and M. Slaney },
  booktitle	= {Proceedings of International Symposium on Music
		  Information Retrieval: Music IR 2006},
  title		= {Automatic Chord Recognition from Audio using an HMM with
		  },
  year		= 2006,
  url		= http://ismir2006.ismir.net/papers/ismir06166_paper.pdf,
  file		= {ISMIR06166_Paper.pdf}
}

@InProceedings{	  izmirli:audio,
  author	= {Özgür Izmirli },
  booktitle	= {Proceedings of International Symposium on Music
		  Information Retrieval: Music IR 2006},
  title		= {Audio Key Finding using Low-Dimensional Spaces},
  year		= 2006,
  url		= http://ismir2006.ismir.net/papers/ismir06165_paper.pdf,
  file		= {ISMIR06165_Paper.pdf}
}

@InProceedings{	  gomez.herrera:song,
  author	= {Emilia Gomez and P. Herrera },
  booktitle	= {Proceedings of International Symposium on Music
		  Information Retrieval: Music IR 2006},
  title		= {The Song Remains the Same: Identifying Versions of the
		  Same Piece using Tonal },
  year		= 2006,
  url		= http://ismir2006.ismir.net/papers/ismir06103_paper.pdf,
  file		= {ISMIR06103_Paper.pdf}
}

@InProceedings{	  klapuri:multiple,
  author	= {Anssi Klapuri },
  booktitle	= {Proceedings of International Symposium on Music
		  Information Retrieval: Music IR 2006},
  title		= {Multiple Fundamental Frequency Estimation by summing
		  Harmonic Amplitudes},
  year		= 2006,
  url		= http://ismir2006.ismir.net/papers/ismir06125_paper.pdf,
  file		= {ISMIR06125_Paper.pdf}
}

@InProceedings{	  par.mckinney.ea:musical,
  author	= {Steven van de Par and M. McKinney and A. Redert },
  booktitle	= {Proceedings of International Symposium on Music
		  Information Retrieval: Music IR 2006},
  title		= {Musical Key Extraction from Audio using Profile Training},
  year		= 2006,
  url		= http://ismir2006.ismir.net/papers/ismir0634_paper.pdf,
  file		= {ISMIR0634_Paper.pdf}
}

@InProceedings{	  noland.sandler:key,
  author	= {Katy Noland and M. Sandler },
  booktitle	= {Proceedings of International Symposium on Music
		  Information Retrieval: Music IR 2006},
  title		= {Key Estimation Using a Hidden Markov Model},
  year		= 2006,
  url		= http://ismir2006.ismir.net/papers/ismir0691_paper.pdf,
  file		= {ISMIR0691_Paper.pdf}
}

@InProceedings{	  cantone.cristofaro.ea:solving,
  author	= {Domenico Cantone and Salvatore Cristofaro and Simone Faro
		  },
  booktitle	= {Proceedings of International Symposium on Music
		  Information Retrieval: Music IR 2005},
  title		= {Solving the (delta,alpha)-Approximate Matching
		  Problem Under Transposition Invariance in Musical
		  Sequences},
  year		= 2005,
  url		= http://ismir2005.ismir.net/proceedings/2070.pdf,
  file		= {2070.pdf}
}

@InProceedings{	  harte.sandler.ea:symbolic,
  author	= {Christopher Harte and Mark Sandler and Samer Abdallah and
		  Emilia Gómez },
  booktitle	= {Proceedings of International Symposium on Music
		  Information Retrieval: Music IR 2005},
  title		= {Symbolic Representation of Musical Chords: A Proposed
		  Syntax for Text Annotations},
  year		= 2005,
  url		= http://ismir2005.ismir.net/proceedings/1080.pdf,
  file		= {1080.pdf}
}

@InProceedings{	  abdallah.noland.ea:theory,
  author	= {Samer Abdallah and Katy Noland and Mark Sandler and
		  Michael Casey and Christophe Rhodes },
  booktitle	= {Proceedings of International Symposium on Music
		  Information Retrieval: Music IR 2005},
  title		= {Theory and Evaluation of a Bayesian Music Structure
		  Extractor},
  year		= 2005,
  url		= http://ismir2005.ismir.net/proceedings/1134.pdf,
  file		= {1134.pdf}
}

@InProceedings{	  izmirli:tonal,
  author	= {Ozgur Izmirli },
  booktitle	= {Proceedings of International Symposium on Music
		  Information Retrieval: Music IR 2005},
  title		= {Tonal Similarity from Audio Using a Template Based
		  Attractor Model},
  year		= 2005,
  url		= http://ismir2005.ismir.net/proceedings/1110.pdf,
  file		= {1110.pdf}
}

@InProceedings{	  chuan.chew:fuzzy,
  author	= {Ching-Hua Chuan and Elaine Chew },
  booktitle	= {Proceedings of International Symposium on Music
		  Information Retrieval: Music IR 2005},
  title		= {Fuzzy Analysis in Pitch-Class Determination for Polyphonic
		  Audio Key Finding},
  year		= 2005,
  url		= http://ismir2005.ismir.net/proceedings/1037.pdf,
  file		= {1037.pdf}
}

@InProceedings{	  burgoyne.saul:learning,
  author	= {J. Ashley Burgoyne and Lawrence K. Saul },
  booktitle	= {Proceedings of International Symposium on Music
		  Information Retrieval: Music IR 2005},
  title		= {Learning Harmonic Relationships in Digital Audio with
		  Dirichlet-Based Hidden Markov Models},
  year		= 2005,
  url		= http://ismir2005.ismir.net/proceedings/1093.pdf,
  file		= {1093.pdf}
}

@InProceedings{	  sapp:online,
  author	= {Craig Stuart Sapp },
  booktitle	= {Proceedings of International Symposium on Music
		  Information Retrieval: Music IR 2005},
  title		= {Online Database of Scores in the Humdrum File Format},
  year		= 2005,
  url		= http://ismir2005.ismir.net/proceedings/3123.pdf,
  file		= {3123.pdf}
}

@InProceedings{	  paiement.eck.ea:probabilistic,
  author	= {Jean-François Paiement and Douglas Eck and Samy Bengio },
  booktitle	= {Proceedings of International Symposium on Music
		  Information Retrieval: Music IR 2005},
  title		= {A Probabilistic Model for Chord Progressions},
  year		= 2005,
  url		= http://ismir2005.ismir.net/proceedings/1091.pdf,
  file		= {1091.pdf}
}

@InProceedings{	  bello.pickens:robust,
  author	= {Juan P. Bello and Jeremy Pickens },
  booktitle	= {Proceedings of International Symposium on Music
		  Information Retrieval: Music IR 2005},
  title		= {A Robust Mid-Level Representation for Harmonic Content in
		  Music Signals},
  year		= 2005,
  url		= http://ismir2005.ismir.net/proceedings/1038.pdf,
  file		= {1038.pdf}
}

@InProceedings{	  typke.wiering.ea:survey,
  author	= {Rainer Typke and Frans Wiering and Remco C. Veltkamp },
  booktitle	= {Proceedings of International Symposium on Music
		  Information Retrieval: Music IR 2005},
  title		= {A Survey of Music Information Retrieval Systems},
  year		= 2005,
  url		= http://ismir2005.ismir.net/proceedings/1020.pdf,
  file		= {1020.pdf}
}

@InProceedings{	  meredith.wiggins:comparing,
  author	= {David Meredith and Geraint Wiggins },
  booktitle	= {Proceedings of International Symposium on Music
		  Information Retrieval: Music IR 2005},
  title		= {Comparing Pitch Spelling Algorithms},
  year		= 2005,
  url		= http://ismir2005.ismir.net/proceedings/1004.pdf,
  file		= {1004.pdf}
}

@InProceedings{	  chai.vercoe:detection,
  author	= {Wei Chai and Barry Vercoe },
  booktitle	= {Proceedings of International Symposium on Music
		  Information Retrieval: Music IR 2005},
  title		= {Detection of Key Change in Classical Piano Music},
  year		= 2005,
  url		= http://ismir2005.ismir.net/proceedings/1041.pdf,
  file		= {1041.pdf}
}

@InProceedings{	  lartillot:efficient,
  author	= {Olivier Lartillot },
  booktitle	= {Proceedings of International Symposium on Music
		  Information Retrieval: Music IR 2005},
  title		= {Efficient Extraction of Closed Motivic Patterns in
		  Multi-Dimensional Symbolic Representations of Music},
  year		= 2005,
  url		= http://ismir2005.ismir.net/proceedings/1082.pdf,
  file		= {1082.pdf}
}

@InProceedings{	  neve.orio:experiments,
  author	= {Giovanna Neve and Nicola Orio },
  booktitle	= {Proceedings of International Symposium on Music
		  Information Retrieval: Music IR 2005},
  title		= {Experiments on Segmentation Techniques for Music Documents
		  Indexing},
  year		= 2005,
  url		= http://ismir2005.ismir.net/proceedings/2122.pdf,
  file		= {2122.pdf}
}
